<record><leader>00000cas a22000007a 4500</leader><controlfield tag="001">14185006</controlfield><controlfield tag="008">860905d19171939txudn ne      0    0eng d</controlfield><datafield ind1=" " ind2=" " tag="010"><subfield code="a">sn 86088720 </subfield></datafield><datafield ind1=" " ind2=" " tag="040"><subfield code="a">PPM</subfield><subfield code="b">eng</subfield><subfield code="c">PPM</subfield><subfield code="d">OCLCQ</subfield></datafield><datafield ind1="0" ind2=" " tag="041"><subfield code="a">eng</subfield><subfield code="a">spa</subfield></datafield><datafield ind1=" " ind2=" " tag="042"><subfield code="a">msc</subfield></datafield><datafield ind1="0" ind2="0" tag="245"><subfield code="a">Daily guide.</subfield></datafield><datafield ind1="1" ind2="3" tag="246"><subfield code="a">Eagle Pass daily guide</subfield></datafield><datafield ind1="1" ind2="3" tag="246"><subfield code="a">Eagle Pass news-guide</subfield></datafield><datafield ind1=" " ind2=" " tag="260"><subfield code="a">Eagle Pass, Tex. :</subfield><subfield code="b">Jas. O. Boehmer</subfield></datafield><datafield ind1=" " ind2=" " tag="300"><subfield code="a">22 volumes :</subfield><subfield code="b">illustrations ;</subfield><subfield code="c">56 cm</subfield></datafield><datafield ind1=" " ind2=" " tag="310"><subfield code="a">Daily (except Sun.)</subfield></datafield><datafield ind1=" " ind2=" " tag="336"><subfield code="a">text</subfield><subfield code="b">txt</subfield><subfield code="2">rdacontent</subfield></datafield><datafield ind1=" " ind2=" " tag="337"><subfield code="a">unmediated</subfield><subfield code="b">n</subfield><subfield code="2">rdamedia</subfield></datafield><datafield ind1=" " ind2=" " tag="338"><subfield code="a">volume</subfield><subfield code="b">nc</subfield><subfield code="2">rdacarrier</subfield></datafield><datafield ind1="1" ind2=" " tag="362"><subfield code="a">Began in 1917.</subfield></datafield><datafield ind1="0" ind2=" " tag="362"><subfield code="a">-v. 22, no. 217 (Feb. 3, 1939).</subfield></datafield><datafield ind1=" " ind2=" " tag="500"><subfield code="a">Saturday paper is also the weekly edition of the Eagle Pass News-Guide (Feb. 7, 1925-Nov. 4, 1927). From Nov. 10, 1927 to Feb. 26, 1931, the weekly News-Guide was published as the Thursday or Friday paper.</subfield></datafield><datafield ind1=" " ind2=" " tag="588"><subfield code="a">Description based on: Vol. 3, no. 238 (June 10, 1919).</subfield></datafield><datafield ind1=" " ind2=" " tag="752"><subfield code="a">United States</subfield><subfield code="b">Texas</subfield><subfield code="c">Maverick</subfield><subfield code="d">Eagle Pass.</subfield></datafield><datafield ind1=" " ind2=" " tag="752"><subfield code="a">Mexico</subfield><subfield code="b">Coahuila</subfield><subfield code="d">Piedras Negras.</subfield></datafield><datafield ind1="0" ind2="0" tag="780"><subfield code="t">Eagle Pass news-guide</subfield><subfield code="w">(DLC)sn 88084274</subfield></datafield><datafield ind1="0" ind2="5" tag="780"><subfield code="t">Quemado Valley sun</subfield><subfield code="w">(DLC)sn 88083492</subfield></datafield><datafield ind1="0" ind2="0" tag="785"><subfield code="t">International news guide</subfield><subfield code="w">(DLC)sn 86088721</subfield></datafield></record>